<collection xmlns="http://www.loc.gov/MARC21/slim"><record><leader>00484nam0 2200169   450</leader><controlfield tag="001">429</controlfield><controlfield tag="003">http://montalegre.opacnet.com/OPAC/default.aspx?ContentAreaControl=ShowRegHoldings.ascx&amp;RegNo=16662</controlfield><datafield tag="100" ind1=" " ind2=" "><subfield code="a">d--------k  y0pory0103    ba</subfield></datafield><datafield tag="101" ind1="0" ind2=" "><subfield code="a">por</subfield></datafield><datafield tag="102" ind1=" " ind2=" "><subfield code="a">BR</subfield></datafield><datafield tag="200" ind1="1" ind2=" "><subfield code="a">Deus Dispõe</subfield><subfield code="f">M. Delly</subfield></datafield><datafield tag="210" ind1=" " ind2=" "><subfield code="a">Rio de Janeiro-Brasil</subfield><subfield code="c">Oscar Mano &amp; Cia</subfield></datafield><datafield tag="215" ind1=" " ind2=" "><subfield code="a">267 p.</subfield><subfield code="d">19 cm</subfield></datafield><datafield tag="225" ind1="2" ind2=" "><subfield code="a">Primavera</subfield><subfield code="v">33</subfield></datafield><datafield tag="675" ind1=" " ind2=" "><subfield code="a">821</subfield><subfield code="v">bn</subfield><subfield code="z">por</subfield></datafield><datafield tag="700" ind1=" " ind2="1"><subfield code="a">Delly</subfield><subfield code="c">pseud</subfield></datafield><datafield tag="801" ind1=" " ind2="0"><subfield code="a">PT</subfield><subfield code="b">Biblioteca Municipal de Montalegre</subfield><subfield code="g">RPC</subfield></datafield><datafield tag="909" ind1="&#9;" ind2=" "><subfield code="a">1</subfield></datafield><datafield tag="966" ind1=" " ind2=" "><subfield code="a">0008364</subfield><subfield code="l">BMM</subfield><subfield code="s">SCG 821 DEL deu 33</subfield></datafield></record></collection>